@online{lualatex-doc,
  author = {Manuel Pégourié-Gonnard},
  title = {LuaLaTeX Documentation},
  year = {2013},
  url = {https://ctan.org/pkg/lualatex-doc},
  note = {Accessed: 28 April 2025}
}

