@online{bell_labs-history,
  author = {Bell Labs},
  title = {History of Bell Labs},
  year = {2025},
  url = {https://www.bell-labs.com/},
  note = {Accessed: 29 April 2025}
}

@online{ritchie-profile,
  author = {Dennis Ritchie},
  title = {The Creator of C and Unix},
  year = {2011},
  url = {https://en.wikipedia.org/wiki/Dennis_Ritchie},
  note = {Accessed: 29 April 2025}
}

@online{unix-history,
  author = {Ken Thompson, Dennis Ritchie},
  title = {History of Unix},
  year = {1969},
  url = {https://en.wikipedia.org/wiki/Unix},
  note = {Accessed: 29 April 2025}
}

@online{c_language-history,
  author = {Dennis Ritchie},
  title = {The C Programming Language},
  year = {1972},
  url = {https://en.wikipedia.org/wiki/C_(programming_language)},
  note = {Accessed: 29 April 2025}
}

@online{bsd-history,
  author = {Computer Systems Research Group},
  title = {History of BSD},
  year = {1978},
  url = {https://en.wikipedia.org/wiki/Berkeley_Software_Distribution},
  note = {Accessed: 29 April 2025}
}

@online{algol-history,
  author = {International Federation for Information Processing (IFIP)},
  title = {History of ALGOL},
  year = {1958},
  url = {https://en.wikipedia.org/wiki/ALGOL},
  note = {Accessed: 29 April 2025}
}

@online{bcpl-history,
  author = {Martin Richards},
  title = {History of BCPL},
  year = {1967},
  url = {https://en.wikipedia.org/wiki/BCPL},
  note = {Accessed: 29 April 2025}
}


